@article{DBLP:journals/cga/MuellerGNBM11,
  author    = {Klaus Mueller and
               Supriya Garg and
               Julia Eunju Nam and
               Tamara L. Berg and
               Kevin T. McDonnell},
  title     = {Can Computers Master the Art of Communication?: A Focus
               on Visual Analytics},
  journal   = {IEEE Computer Graphics and Applications},
  volume    = {31},
  number    = {3},
  year      = {2011},
  pages     = {14-21},
  ee        = {http://doi.ieeecomputersociety.org/10.1109/MCG.2011.39},
  bibsource = {DBLP, http://dblp.uni-trier.de}
}